@misc{lovei,
  author = {{Lövei L.}},
  year = {2015},
  month = {2},
  howpublished = {magánlevelezés},
}

@book{torczon_cooper,
  author = {Torczon, Linda and Cooper, Keith},
  title = {Engineering A Compiler},
  year = {2011},
  isbn = {012088478X},
  edition = {2},
  publisher = {Morgan Kaufmann Publishers Inc.},
  address = {San Francisco, CA, USA},
}


@inproceedings{Pratt,
  author = {Pratt, Vaughan R.},
  title = {Top Down Operator Precedence},
  booktitle = {Proceedings of the 1st Annual ACM SIGACT-SIGPLAN Symposium on Principles of Programming Languages},
  series = {POPL '73},
  year = {1973},
  location = {Boston, Massachusetts},
  pages = {41--51},
  numpages = {11},
  publisher = {ACM},
  address = {New York, NY, USA},
}


@book{Csornyei,
  author = {{Csörnyei Z.}},
  title = {Fordítóprogramok},
  year = {2006},
  isbn = {9639548839},
  edition = {2},
  publisher = {Typotex},
}


@article{Boeszoermenyi1998,
  author =  {{Böszörmenyi L.}},
  title = {Why Java is not my favorite first-course language},
  publisher = {Springer},
  journal = {Software - Concepts \& Tools},
  pages = {141-145},
  year = {1998},
  month = {jan},
  abstract = {The choice of the first-course programming language for a university-level
  computer science curriculum has pedagogical ramifications in terms
  of comprehensibility and mastery of fundamental concepts. This paper
  compares the merits of Java and Modula-3 as a first-course language.},
  number = {Volume 19, Number 3},
  issn = {0945-8115},
  doi = {10.1007/s003780050017},
  pdf = {http://www-itec.uni-klu.ac.at/bib/files/1998_LB_Java.pdf}
}


@phdthesis{McIver01,
  author       = {Linda McIver},
  title        = {Syntactic and Semantic Issues in Introductory Programming Education},
  school       = {Monash University},
  year         = {2001},
  month        = {1},
}

@inproceedings{Felleisen90,
  author = {Matthias Felleisen},
  title = {On the Expressive Power of Programming Languages},
  booktitle = {Science of Computer Programming},
  year = {1990},
  pages = {134--151},
  publisher = {Springer-Verlag}
}

@article{Landin64,
  Author = {Peter J. Landin},
  title = {The Mechanical Evaluation of Expressions},
  journal = {The Computer Journal},
  publisher = {Oxford University Press},
  volume = 6,
  number = 4,
  month = 1,
  year = 1964,
  pages = {308--320},
}

@article{Landin66,
 author = {Landin, P. J.},
 title = {The Next 700 Programming Languages},
 journal = {Commun. ACM},
 volume = {9},
 number = {3},
 month = {3},
 year = {1966},
 issn = {0001-0782},
 pages = {157--166},
 numpages = {10},
 publisher = {ACM},
 address = {New York, NY, USA},
}

@online{Graham02,
  author = {Paul Graham},
  title = {Succintness is Power},
  year = {2002},
  month = {5},
  url = {http://www.paulgraham.com/power.html},
  urldate = {2015-05-14}
}

@online{Shutt99,
  author = {John N. Shutt},
  title = {S-Expressiveness and the Abstractive Power of Programming Languages},
  year = {1999},
  month = {12},
  url = {http://digitalcommons.wpi.edu/computerscience-pubs/226},
  urldate = {2015-03-11}
}

@book{CodeComplete,
 author = {McConnell, Steve},
 title = {Code Complete},
 year = {2004},
 isbn = {9780735619678},
 edition = {2},
 publisher = {Microsoft Press},
 address = {Redmond, WA, USA},
}

@book{MythManMonth,
 author = {Brooks,Jr., Frederick P.},
 title = {The Mythical Man-month},
 year = {1995},
 isbn = {0-201-83595-9},
 publisher = {Addison-Wesley Longman Publishing Co., Inc.},
 address = {Boston, MA, USA},
}

@TECHREPORT{KnuthTrabbPardo,
 author = {Knuth, Donald and Trabb Prado, Luis},
 title = {The Early Development of Programming Languages},
 institution = {Stanford University},
 number = {STAN-CS-76-562},
 year = {1976}
}

@book{Nyekyne78,
 author = { {Nyékyné dr. Gaizler Judit} },
 title = { Bevezetés a számítástechnikába},
 year = {1978},
 publisher = {Tankönyvkiadó}
}

@book{Nyekyne14,
 editor = {{Nyékyné dr. Gaizler Judit}},
 title = {Advanced Programming Languages},
 year = {2014}
}

@MISC{Mosses06,
    author = {Peter D. Mosses},
    title = { Formal Semantics of Programming Languages -- An Overview },
    year = {2006}
}

@article{Backus78,
 author = {Backus, John},
 title = {The History of {FORTRAN} {I}, {II}, and {III}},
 journal = {ACM SIGPLAN Notices},
 volume = {13},
 number = {8},
 month = {aug},
 year = {1978},
 pages = {165--180},
 publisher = {ACM},
 address = {New York, NY, USA},
}

@misc{Veto,
  author = {{Vető I.}},
  year = {2015},
  howpublished = {Szoftvertechnológia előadás},
}

@book{Fothi,
  author = {{Fóthi Á.}},
  title = {Bevezetés a programozáshoz},
  year = {2012},
  edition = {3},
  url = {http://people.inf.elte.hu/fa/pdf/konyv.pdf},
  urldate = {2015-05-04}
}

@INPROCEEDINGS{Green89,
    author = {T. R. G. Green},
    title = {Cognitive dimensions of notations},
    booktitle = {People and Computers V},
    year = {1989},
    pages = {443--460},
    publisher = {Cambridge University Press}
}

@online{GreenBlackwell98,
  author = {T. R. G. Green and Alan Blackwell},
  title = {Cognitive Dimensions of Notations and other information artifacts: a tutorial},
  year = {1998},
  month = {oct},
  url = {http://www.cl.cam.ac.uk/~afb21/CognitiveDimensions/CDtutorial.pdf},
  urldate = {2015-05-14}
}

@misc{FlugiDia,
  author = {Feldhoffer Gergely},
  title = {Bevezetés a programozásba, 1. előadás},
  year = {2014},
  url = {http://users.itk.ppke.hu/~flugi/bevprog_1415/bp1.pdf},
  urldate = {http://users.itk.ppke.hu/~flugi/bevprog_1415/bp1.pdf}
}

@book{Meyer09,
 author = {Meyer, Bertrand},
 title = {Touch of Class: Learning to Program Well with Objects and Contracts},
 year = {2009},
 isbn = {9783540921448},
 edition = {1},
 publisher = {Springer Publishing Company, Incorporated},
}

@misc{Balogh12,
  author = {{Balogh Zs.}},
  title = {Testreszabható programozási nyelv implementálása},
  year = {2012},
  howpublished = {önálló laboratóriumi beszámoló},
  note = {PPKE ITK}
}

@phdthesis{Earley68,
  author       = {Jay Earley},
  title        = {An Efficient Context-Free Parsing Algorithm},
  school       = {Carnegie-Mellon University},
  year         = {1968},
  month        = {8},
  url={http://reports-archive.adm.cs.cmu.edu/anon/anon/usr/ftp/scan/CMU-CS-68-earley.pdf},
  urldate= {2015-05-19}
}

@article{Knuth65,
  author = "Donald Knuth",
  title = "On the translation of languages from left to right",
journal = "Information and Control ",
volume = "8",
number = "6",
pages = "607 - 639",
year = "1965"
}

@article{Ford04PEG,
 author = {Ford, Bryan},
 title = {Parsing Expression Grammars: A Recognition-based Syntactic Foundation},
 journal = {ACM SIGPLAN Notices},
 volume = {39},
 number = {1},
 month = jan,
 year = {2004},
 pages = {111--122},
 numpages = {12},
}
